@misc{wikiusb,
  author = {Wikipedia},
  title = {Universal Serial Bus},
  year = {2024},
  url = {https://es.wikipedia.org/wiki/Universal_Serial_Bus},
  note = {Accedido: 18 de noviembre de 2024},
}

@misc{wikienusb,
  author = {Wikipedia},
  title = {USB},
  year = {2024},
  url = {https://en.wikipedia.org/wiki/USB},
  note = {Accedido: 18 de noviembre de 2024},
}

@misc{usbifabout,
  author = {USB-IF},
  title = {About},
  year = {2024},
  url = {https://www.usb.org/about},
  note = {Accedido: 18 de noviembre de 2024},
}