@misc{directmemoryaccess,
  author = {Wikipedia},
  title = {Direct Memory Access},
  year = {2024},
  url = {https://en.wikipedia.org/wiki/Direct_memory_access},
  note = {Accedido: 16 de noviembre de 2024},
}

@book{santamaria1993electronica,
  title={Electrónica digital y microprocesadores},
  author={Santamaría, Eduardo},
  isbn={9788487840333},
  series={Ingeniería (Universidad Pontificia Comillas)},
  year={1993},
  publisher={Universidad Pontificia Comillas}
}

@book{corbetetal2005linux,
  author = {Corbet, J. and Rubini, A. and Kroah-Hartman, G.},
  publisher = {O'Reilly},
  title = {Linux Device Drivers},
  year = {2005},
  isbn = {9780596005900},
}

@techreport{harvey1991dmafundamentals,
  author = {Harvey, A. F.},
  institution = {National Instruments Corp.},
  title = {DMA Fundamentals on Various PC Platforms},
  year = {1991}
}

@misc{wikientradasalidamapeada,
  author = {Wikipedia},
  title = {Entrada/Salida mapeada en memoria},
  year = {2024},
  url = {https://es.wikipedia.org/wiki/E/S_mapeada_en_memoria},
  note = {Accedido: 18 de noviembre de 2024},
}

@book{stallings2016computer,
  author    = {William Stallings},
  title     = {Computer Organization and Architecture: Designing for Performance},
  edition   = {10th},
  year      = {2016},
  publisher = {Pearson},
  isbn      = {9780134101613},
}

@misc{wikimemorymappedio,
  author = {Wikipedia},
  title = {Memory-mapped I/O},
  year = {2024},
  url = {https://en.wikipedia.org/wiki/Memory-mapped_I/O_and_port-mapped_I/O},
  note = {Accedido: 18 de noviembre de 2024},
}