@misc{wiki_es_memoria_virtual,
  author = {Wikipedia},
  title = {Memoria virtual},
  year = {2024},
  url = {https://es.wikipedia.org/wiki/Memoria_virtual},
  note = {Accedido: 28 de octubre de 2024},
}

@misc{wiki_en_virtual_memory,
  author={Wikipedia},
  title={Virtual memory},
  year ={2024},
  url={https://en.wikipedia.org/wiki/Virtual_memory},
  note={Accedido: 28 de octubre de 2024},
}

@misc{wiki_en_secondary_storage,
  author={Wikipedia},
  title={Computer data storage},
  year ={2024},
  url={https://en.wikipedia.org/wiki/Computer_data_storage#Secondary_storage},
  note={Accedido: 28 de octubre de 2024},
}